make: Vignettes/FileIO/FileIO.tex ---
